  @misc{ enwiki:1174555777,
    author = "{Wikipedia contributors}",
    title = "Niels {B}ohr --- {Wikipedia}{,} The Free Encyclopedia",
    year = "2023",
    howpublished = "\url{https://en.wikipedia.org/w/index.php?title=Niels_Bohr&oldid=1174555777}",
    note = "[Online; accessed 12-September-2023]"
  }

  @misc{ enwiki:1169021780,
    author = "{Wikipedia contributors}",
    title = "List of {N}obel laureates in {P}hysics --- {Wikipedia}{,} The Free Encyclopedia",
    year = "2023",
    howpublished = "\url{https://en.wikipedia.org/w/index.php?title=List_of_Nobel_laureates_in_Physics&oldid=1169021780}",
    note = "[Online; accessed 12-September-2023]"
  }

  @misc{ enwiki:1170465048,
    author = "{Wikipedia contributors}",
    title = "{CHSH} inequality --- {Wikipedia}{,} The Free Encyclopedia",
    year = "2023",
    howpublished = "\url{https://en.wikipedia.org/w/index.php?title=CHSH_inequality&oldid=1170465048}",
    note = "[Online; accessed 12-September-2023]"
  }

  @misc{ enwiki:1174875317,
    author = "{Wikipedia contributors}",
    title = "Bell test --- {Wikipedia}{,} The Free Encyclopedia",
    year = "2023",
    howpublished = "\url{https://en.wikipedia.org/w/index.php?title=Bell_test&oldid=1174875317}",
    note = "[Online; accessed 12-September-2023]"
  }

@techreport{ bertlmann:manuscript,
     title = "{{B}ertlmann's socks and the nature of reality}",
     author = "{J. S. Bell}",
     year = "{1980}",
     institution = "{CERN}",
     number = "{CERN-TH-2926}",
     howpublished = "\url{http://cds.cern.ch/record/142461/}"
}

@book{ kohn1993punished,
  title={{P}unished by {R}ewards: {T}he {T}rouble with {G}old {S}tars, {I}ncentive {P}lans, {A}'s, {P}raise, and {O}ther {B}ribes},
  author={Alfie Kohn},
  isbn={9780395650288},
  lccn={93021897},
  year={1993},
  publisher={Houghton Mifflin Company}
}

 @article{ sciencemag:nobelbad,
    author = "{David Shultz}",
    title = "Winning a {N}obel {P}rize may be bad for your productivity",
    journal = "Science",
    volume = "381",
    number = "6653",
    pages = "15",
    year = "2023",
    month = "July",
    note = "\url{https://www.science.org/content/article/winning-nobel-prize-may-be-bad-your-productivity}"
 }

@article{ kracklauer:nonloc-or-geom,
author = "{A. F. Kracklauer}",
title = "{{EPR-B} correlations: non-locality or geometry?}",
journal = "J. Nonlinear Math. Phys.",
volume = "11 (supp.)",
year = "2004",
pages = "104-109",
doi = "10.2991/jnmp.2004.11.s1.13",
note = "\url{https://doi.org/10.2991/jnmp.2004.11.s1.13}"
}

